@article{DBLP:journals/taslp/Abdel-HamidMJDPY14,
  author    = {Ossama Abdel{-}Hamid and
               Abdel{-}rahman Mohamed and
               Hui Jiang and
               Li Deng and
               Gerald Penn and
               Dong Yu},
  title     = {Convolutional Neural Networks for Speech Recognition},
  journal   = {{IEEE/ACM} Transactions on Audio, Speech {\&} Language Processing},
  volume    = {22},
  number    = {10},
  pages     = {1533--1545},
  year      = {2014},
  url       = {http://dx.doi.org/10.1109/TASLP.2014.2339736},
  doi       = {10.1109/TASLP.2014.2339736},
  timestamp = {Fri, 19 Sep 2014 08:11:04 +0200},
  biburl    = {http://dblp.uni-trier.de/rec/bib/journals/taslp/Abdel-HamidMJDPY14},
  bibsource = {dblp computer science bibliography, http://dblp.org}
}

@article{DBLP:journals/taslp/DahlYDA12,
  author    = {George E. Dahl and
               Dong Yu and
               Li Deng and
               Alex Acero},
  title     = {Context-Dependent Pre-Trained Deep Neural Networks for Large-Vocabulary
               Speech Recognition},
  journal   = {{IEEE} Transactions on Audio, Speech {\&} Language Processing},
  volume    = {20},
  number    = {1},
  pages     = {30--42},
  year      = {2012},
  url       = {http://dx.doi.org/10.1109/TASL.2011.2134090},
  doi       = {10.1109/TASL.2011.2134090},
  timestamp = {Sat, 31 Dec 2011 12:39:19 +0100},
  biburl    = {http://dblp.uni-trier.de/rec/bib/journals/taslp/DahlYDA12},
  bibsource = {dblp computer science bibliography, http://dblp.org}
}

@article{DBLP:journals/spm/X12a,
  title     = {Deep Neural Networks for Acoustic Modeling in Speech Recognition:
               The Shared Views of Four Research Groups},
  journal   = {{IEEE} Signal Process. Mag.},
  volume    = {29},
  number    = {6},
  pages     = {82--97},
  year      = {2012},
  url       = {http://dx.doi.org/10.1109/MSP.2012.2205597},
  doi       = {10.1109/MSP.2012.2205597},
  timestamp = {Sat, 20 Oct 2012 17:29:19 +0200},
  biburl    = {http://dblp.uni-trier.de/rec/bib/journals/spm/X12a},
  bibsource = {dblp computer science bibliography, http://dblp.org}
}

@article{DBLP:journals/neco/HintonOT06,
  author    = {Geoffrey E. Hinton and
               Simon Osindero and
               Yee Whye Teh},
  title     = {A Fast Learning Algorithm for Deep Belief Nets},
  journal   = {Neural Computation},
  volume    = {18},
  number    = {7},
  pages     = {1527--1554},
  year      = {2006},
  url       = {http://dx.doi.org/10.1162/neco.2006.18.7.1527},
  doi       = {10.1162/neco.2006.18.7.1527},
  timestamp = {Thu, 17 Nov 2011 16:24:23 +0100},
  biburl    = {http://dblp.uni-trier.de/rec/bib/journals/neco/HintonOT06},
  bibsource = {dblp computer science bibliography, http://dblp.org}
}

@proceedings{DBLP:conf/interspeech/2011,
  title     = {{INTERSPEECH} 2011, 12th Annual Conference of the International Speech
               Communication Association, Florence, Italy, August 27-31, 2011},
  publisher = {{ISCA}},
  year      = {2011},
  timestamp = {Wed, 21 Dec 2011 21:33:26 +0100},
  biburl    = {http://dblp.uni-trier.de/rec/bib/conf/interspeech/2011},
  bibsource = {dblp computer science bibliography, http://dblp.org}
}

@book{Yu2015,
  title = {Automatic Speech Recognition: A Deep Learning Approach}
  author = {Dong Yu and Li Deng},
  publisher = {Springer London},
  year  = {2015},
}

@book{jurafskyMartin,
  Author = {Daniel Jurafsky and James H. Martin},
  Title = {Speech and Language Processing, 2nd Edition},
  Publisher = {Prentice Hall},
  Year = {2008},
}